@article{resnet,
  author    = {Kaiming He and
               Xiangyu Zhang and
               Shaoqing Ren and
               Jian Sun},
  title     = {Deep Residual Learning for Image Recognition},
  journal   = {CoRR},
  volume    = {abs/1512.03385},
  year      = {2015},
  url       = {http://arxiv.org/abs/1512.03385},
  eprinttype = {arXiv},
  eprint    = {1512.03385},
  timestamp = {Wed, 17 Apr 2019 17:23:45 +0200},
  biburl    = {https://dblp.org/rec/journals/corr/HeZRS15.bib},
  bibsource = {dblp computer science bibliography, https://dblp.org}
}

@article{imagenet,
  author    = {Olga Russakovsky and
               Jia Deng and
               Hao Su and
               Jonathan Krause and
               Sanjeev Satheesh and
               Sean Ma and
               Zhiheng Huang and
               Andrej Karpathy and
               Aditya Khosla and
               Michael S. Bernstein and
               Alexander C. Berg and
               Li Fei{-}Fei},
  title     = {ImageNet Large Scale Visual Recognition Challenge},
  journal   = {CoRR},
  volume    = {abs/1409.0575},
  year      = {2014},
  url       = {http://arxiv.org/abs/1409.0575},
  eprinttype = {arXiv},
  eprint    = {1409.0575},
  timestamp = {Wed, 15 Sep 2021 14:13:01 +0200},
  biburl    = {https://dblp.org/rec/journals/corr/RussakovskyDSKSMHKKBBF14.bib},
  bibsource = {dblp computer science bibliography, https://dblp.org}
}

@misc{timm,
  author = {Ross Wightman},
  title = {PyTorch Image Models},
  year = {2019},
  publisher = {GitHub},
  journal = {GitHub repository},
  doi = {10.5281/zenodo.4414861},
  howpublished = {\url{https://github.com/rwightman/pytorch-image-models}}
}

@web_page{daniCh8-road-segmentation-eth-cil-2020,
   author = {Daniele Chiappalupi and Elena Iannucci and Samuele Piazzetta and Gianluca Lain},
   title = {daniCh8/road-segmentation-eth-cil-2020: Computational Intelligence Lab project, ETH ZÃ¼rich - Spring Semester 2020.},
   url = {https://github.com/daniCh8/road-segmentation-eth-cil-2020},
}

@inproceedings{
stego,
title={Unsupervised Semantic Segmentation by Distilling Feature Correspondences},
author={Mark Hamilton and Zhoutong Zhang and Bharath Hariharan and Noah Snavely and William T. Freeman},
booktitle={International Conference on Learning Representations},
year={2022},
url={https://openreview.net/forum?id=SaKO6z6Hl0c}
}

@INPROCEEDINGS{segmenter,
  author={Strudel, Robin and Garcia, Ricardo and Laptev, Ivan and Schmid, Cordelia},
  booktitle={2021 IEEE/CVF International Conference on Computer Vision (ICCV)}, 
  title={Segmenter: Transformer for Semantic Segmentation}, 
  year={2021},
  volume={},
  number={},
  pages={7242-7252},
  doi={10.1109/ICCV48922.2021.00717}}

@article{dino,
  author    = {Mathilde Caron and
               Hugo Touvron and
               Ishan Misra and
               Herv{\'{e}} J{\'{e}}gou and
               Julien Mairal and
               Piotr Bojanowski and
               Armand Joulin},
  title     = {Emerging Properties in Self-Supervised Vision Transformers},
  journal   = {CoRR},
  volume    = {abs/2104.14294},
  year      = {2021},
  url       = {https://arxiv.org/abs/2104.14294},
  eprinttype = {arXiv},
  eprint    = {2104.14294},
  timestamp = {Tue, 04 May 2021 15:12:43 +0200},
  biburl    = {https://dblp.org/rec/journals/corr/abs-2104-14294.bib},
  bibsource = {dblp computer science bibliography, https://dblp.org}
}

@article{vit,
  author    = {Alexey Dosovitskiy and
               Lucas Beyer and
               Alexander Kolesnikov and
               Dirk Weissenborn and
               Xiaohua Zhai and
               Thomas Unterthiner and
               Mostafa Dehghani and
               Matthias Minderer and
               Georg Heigold and
               Sylvain Gelly and
               Jakob Uszkoreit and
               Neil Houlsby},
  title     = {An Image is Worth 16x16 Words: Transformers for Image Recognition
               at Scale},
  journal   = {CoRR},
  volume    = {abs/2010.11929},
  year      = {2020},
  url       = {https://arxiv.org/abs/2010.11929},
  eprinttype = {arXiv},
  eprint    = {2010.11929},
  timestamp = {Fri, 20 Nov 2020 14:04:05 +0100},
  biburl    = {https://dblp.org/rec/journals/corr/abs-2010-11929.bib},
  bibsource = {dblp computer science bibliography, https://dblp.org}
}

@article{resnet-tricks,
  author    = {Tong He and
               Zhi Zhang and
               Hang Zhang and
               Zhongyue Zhang and
               Junyuan Xie and
               Mu Li},
  title     = {Bag of Tricks for Image Classification with Convolutional Neural Networks},
  journal   = {CoRR},
  volume    = {abs/1812.01187},
  year      = {2018},
  url       = {http://arxiv.org/abs/1812.01187},
  eprinttype = {arXiv},
  eprint    = {1812.01187},
  timestamp = {Tue, 22 Sep 2020 07:46:20 +0200},
  biburl    = {https://dblp.org/rec/journals/corr/abs-1812-01187.bib},
  bibsource = {dblp computer science bibliography, https://dblp.org}
}

@article{focalloss,
   author = {Tsung Yi Lin and Priya Goyal and Ross Girshick and Kaiming He and Piotr Dollar},
   doi = {10.48550/arxiv.1708.02002},
   issn = {19393539},
   issue = {2},
   journal = {IEEE Transactions on Pattern Analysis and Machine Intelligence},
   keywords = {Computer vision,convolutional neural networks,machine learning,object detection},
   month = {8},
   pages = {318-327},
   pmid = {30040631},
   publisher = {IEEE Computer Society},
   title = {Focal Loss for Dense Object Detection},
   volume = {42},
   url = {https://arxiv.org/abs/1708.02002v2},
   year = {2017},
}

@misc{unet,
    doi = {10.48550/ARXIV.1505.04597},
    url = {https://arxiv.org/abs/1505.04597},
    author = {Ronneberger, Olaf and Fischer, Philipp and Brox, Thomas},
    keywords = {Computer Vision and Pattern Recognition (cs.CV), FOS: Computer and information sciences, FOS: Computer and information sciences},
    title = {U-Net: Convolutional Networks for Biomedical Image Segmentation},
    publisher = {arXiv},
    year = {2015},
    copyright = {arXiv.org perpetual, non-exclusive license}
}

@Article{unet-road-segmentation,
    AUTHOR = {Hou, Yuewu and Liu, Zhaoying and Zhang, Ting and Li, Yujian},
    TITLE = {C-UNet: Complement UNet for Remote Sensing Road Extraction},
    JOURNAL = {Sensors},
    VOLUME = {21},
    YEAR = {2021},
    NUMBER = {6},
    ARTICLE-NUMBER = {2153},
    URL = {https://www.mdpi.com/1424-8220/21/6/2153},
    PubMedID = {33808588},
    ISSN = {1424-8220},
    DOI = {10.3390/s21062153}
}

@ARTICLE{fcnn-road-segmentation-1,
    author={Henry, Corentin and Azimi, Seyed Majid and Merkle, Nina},
    journal={IEEE Geoscience and Remote Sensing Letters}, 
    title={Road Segmentation in SAR Satellite Images With Deep Fully Convolutional Neural Networks}, 
    year={2018},
    volume={15},
    number={12},
    pages={1867-1871},
    doi={10.1109/LGRS.2018.2864342}
}

@InProceedings{fcnn-road-segmentation-2,
    author = {Buslaev, Alexander and Seferbekov, Selim and Iglovikov, Vladimir and Shvets, Alexey},
    title = {Fully Convolutional Network for Automatic Road Extraction From Satellite Imagery},
    booktitle = {Proceedings of the IEEE Conference on Computer Vision and Pattern Recognition (CVPR) Workshops},
    month = {June},
    year = {2018}
}

@book{google-maps-api,
    author = {Svennerberg, Gabriel},
    title = {Beginning Google Maps API 3},
    year = {2010},
    isbn = {1430228024},
    publisher = {Apress},
    address = {USA},
    edition = {2nd},
}

@Article{albumentations,
    AUTHOR = {Buslaev, Alexander and Iglovikov, Vladimir I. and Khvedchenya, Eugene and Parinov, Alex and Druzhinin, Mikhail and Kalinin, Alexandr A.},
    TITLE = {Albumentations: Fast and Flexible Image Augmentations},
    JOURNAL = {Information},
    VOLUME = {11},
    YEAR = {2020},
    NUMBER = {2},
    ARTICLE-NUMBER = {125},
    URL = {https://www.mdpi.com/2078-2489/11/2/125},
    ISSN = {2078-2489},
    DOI = {10.3390/info11020125}
}

@misc{adamw,
  doi = {10.48550/ARXIV.1711.05101},
  url = {https://arxiv.org/abs/1711.05101},
  author = {Loshchilov, Ilya and Hutter, Frank},
  keywords = {Machine Learning (cs.LG), Neural and Evolutionary Computing (cs.NE), Optimization and Control (math.OC), FOS: Computer and information sciences, FOS: Computer and information sciences, FOS: Mathematics, FOS: Mathematics},
  title = {Decoupled Weight Decay Regularization},
  publisher = {arXiv},
  year = {2017},
  copyright = {arXiv.org perpetual, non-exclusive license}
}



